<?xml version="1.0" encoding="UTF-8"?><collection xmlns="http://www.loc.gov/MARC21/slim"><record><leader>00405nam--2200133-i-4500</leader><controlfield tag="001">000024285</controlfield><controlfield tag="002">20161230</controlfield><controlfield tag="005">20161230201035</controlfield><controlfield tag="008">060222s1000------------r-----000-0-eng-d</controlfield><datafield ind1=" " ind2=" " tag="080"><subfield code="a">517.968.7(043)</subfield></datafield><datafield ind1=" " ind2=" " tag="100"><subfield code="a">Jgounni, Abdellah</subfield></datafield><datafield ind1=" " ind2=" " tag="245"><subfield code="a">Etude d`une equation integro-differentielle de type hyperbolique de la sismique-reflexion. these</subfield></datafield><datafield ind1=" " ind2=" " tag="260"><subfield code="a">Paris, Universite De Pau, 1982, /P.Dif.</subfield></datafield><datafield ind1=" " ind2=" " tag="852"><subfield code="a">71140</subfield></datafield></record></collection>